
@article{hellman,
author = {Martin Hellman},
title = {A cryptanalytic time-memory tradeoff},
year = {1980},
journal = {IEEE Transactions on Information Theory},
volume = {vol.26},
number = {401-406},
}
@article{PO,
author = {P.Oechslin},
title = {Making a faster crytanalytic time-memory trade-off},
journal = {Lecture Notes in Computer Science},
volume = {vol.2729},
year = {2003},
}
@book{feng01,
author = "冯登国",
year = "2000-08",
title = "密码分析学",
publisher = "清华大学出版社",
}
@book{feng02,
author = {冯登国，裴定一},
year = "1999",
title = "密码学导引",
address = "北京",
publisher = "科学出版社",
}
@misc{zhu,
author = {ZhuShuangLei},
title = "{The Time-Memory Tradeoff Hash Cracker}",
year = {2003},
note = {http://project-rainbowcrack.com},
}
@article{intel,
author = {Victor W. Lee},
title = "{Debunking the 100X GPU vs. CPU myth: an evaluation of throughput computing on CPU and GPU}",
volume = {38},
journal = {ACM SIGARCH Computer Architecture News},
year = {2010},
}
@article{xu,
author = "徐隽",
title = "密码分析中的“时间内存替换”",
journal =  "Neinfo Security",
year = "2004",
month = "05"
}

@misc{nvidia,
author = "Nvidia CUDA",
note = "http://developer.nvidia.com/object/cuda.html",
}

@mastersthesis{word,
author = "方海英",
title = "基于时空折中算法的word文档破解研究",
school = "杭州电子科技大学",
year = "2009",
}

@mastersthesis{des,
author = "金銓",
title = "{DES}密码算法的彩虹攻击技术及其{GPU}实现",
school = "上海交通大学",
year = "2010"
}
@misc{hash,
author = "春天",
title = "单向Hash函数",
year = "2005",
month = "06",
note = "http: //blog.csdn.net/sunrisefe /archive/2005/10/12/500819.aspx"
}
@article{md5,
author = "舒畅",
title = "MD5算法原理及其碰撞攻击",
journal = "软件导刊",
year = "2007",
month = "06",
pages = "103-104",
} 
@mastersthesis{gpu_rsa_aes,
author = "叶剑",
title = "基于{GPU}的密码算法实现技术研究",
school = "解放军信息工程大学",
year = "2010",
}
@mastersthesis{mimafenxi,
author = "王彩霞",
title = "密码分析中几种方法的研究及其设计与实现",
school = "西北大学",
year = "2004",
}
@mastersthesis{gpu_md5,
author = "翁捷",
title = "带随机数{MD5}破解算法的{GPU}加速与优化",
school = "国防科技技术大学研究生院",
year = "2010",
}
@mastersthesis{hadoop01,
author = "将秉天",
title = "基于分布式计算的密码恢复系统研究",
school =  "上海交通大学",
year = "2010",
}
@misc{jin,
author = "Jin Hong",
title = "{The cost of false alarms in Hellman and Rainbow Tradeoffs}",
note = "http://eprint.iacr.org/2008/362.pdf",
}
@article{koji,
author = "Koji Kusuda and Tsutomu Matsumoto",
title = "Achieving higher success probability in time–memory trade-off
cryptanalysis without increasing memory size",
journal = "TIEICE: IEICE Transactions on Communications/Electronics/
Information and Systems",
year = "1999",
}
@misc{distribute_percomputation,
author = "Michael S",
title = "{Distributed Pre-computation for a Cryptanalytic Time-Memory Trade-Off}",
note = "\\http://ritdml.rit.edu/dspace/bitstream/1850/7805/1/MTaberThesis10-2008.pdf",
}

@misc{daegun,
author = "Daegun Ma",
title = "{Studies on the Cryptanalytic Time Memory Trade-Offs}",
note = "http://library.snu.ac.kr"
}
@article{jbj,
author = {Johan Borst，Bart Preneel，Joos Vandewall},
title = "{On the Time-Memory Tradeoff Between Exhaustive Key Search}
and Table Pre-computation",
journal = "Proceedings of the 19th symposium on Information Theory in the Benelux,Veldhoven(NL)",
pages = "111-118",
year = "1998",
}

@article{cuda01,
author = "S. Che，M. Boyer，J. Meng，D. Tarjan，J. W. Sheaffer and K. Skadron",
title = "{A Performance Study of General Purpose Applications on Graphics Processors using CUDA}",
journal = "Journal of Parallel and Distributed Computing",
year = "2008",
}

@misc{cuda02,
author = "NVIDIA Corporation",
title = "{NVIDIA CUDA Programming Guide}",
year = "2011",
}

@misc{gpp,
author = "G. Avoine，P. junod and P. oechslin",
title = "{Time-memory trade-offs: False alarm detection using checkpoints}",
note = "In Proceedings of Progress in Cryptology – 6th International Conference on Cryptology (INDOCRYPT’05). Lecture Notes in Computer Science, vol. 3797. Cryptology Research Society of India, Springer-Verlag, Bangalore, India, pp, 183–196, 2005.",
}

@misc{aa,
author = "A. Biryukov and A. Shamir",
title = "{Cryptanalysis time/memory/data trade-offs for stream ciphers}",
note = "Proceedings of Asiacrypt’00(T. Okamoto, ed.)no 1976 in Lecture Notes in Computer Science, pp. 1-13,Springer-Verlag,2000.",
}
@article{vh,
author = "V. L.L. Thing and H.M. Ying",
title = "A novel time-memory trade-off method for password recovery",
journal = "In Proceedings of the Ninth Annual DFRWS Conference",
volume = "6",
number = "1",
pages = "114-120",
year = "2009",

}






